

@BOOK{chess1,
AUTHOR = "{{Russell, Stuart J.} and {Norvig, Peter}}",
TITLE = "{Artificial Intelligence - A Modern Approach}",
PUBLISHER = {Pearson Education},
ADDRESS = {Upper Saddle River, New Jersey},
YEAR = 2010}


@BOOK{chess2,
  title = {{Chess Programming}},
  year = {2014}, 
  note={\url{https://chessprogramming.wikispaces.com/Branching+Factor} [Online; last accessed 20-Nov-2014]}"}

@BOOK{chess3,
  author = {{UCLA}},
  title = {{Minimax with Alpha Beta Pruning}},
  year = {2014}, 
  note={\url{http://cs.ucla.edu/~rosen/161/notes/alphabeta.html} [Online; last accessed 10-Nov-2014]}"
}

@BOOK{chess4,
  author = {{Wikipedia}},
  title = {{Alpha Beta Pruning}},
  year = {2014}, 
  note={\url{http://en.wikipedia.org/wiki/Alpha%E2%80%93beta_pruning} [Online; last accessed 14-Nov-2014]}"
}

@BOOK{chess5,
AUTHOR = "{Furnkranz, Johannes} and {Kubat, Miroslav}",
TITLE = "Machines That Learn To Play Games",
PUBLISHER = {Nova Science Publishers},
ADDRESS = {Huntington, New York},
YEAR = 2001}

@BOOK{chess6,
  author = {{Chess Central}},
  title = {{Introduction to Chess Strategy}},
  year = {2014}, 
  note={\url{http://www.chesscentral.com/chess_strategy_a/201.htm} [Online; last accessed 20-Nov-2014]}"
}

@BOOK{chess7,
  author = {{zaifrun, Chess.com}},
  title = {{Creating a Chess Engine}},
  year = {2014}, 
  note={\url{http://www.chess.com/blog/zaifrun/creating-a-chess-engine-part-4---position-evaluation} [Online; last accessed 12-Nov-2014]}"
}

@BOOK{chess8,
  author = {{Cornell University}},
  title = {{Minimax search and Alpha-Beta Pruning}},
  year = {2014}, 
  note={\url{https://www.cs.cornell.edu/courses/cs312/2002sp/lectures/rec21.htm} [Online; last accessed 13-Nov-2014]}"
}

@BOOK{chess9,
  author = {{ChessProgramming}},
  title = {{Iterative Deepening}},
  year = {2014}, 
  note={\url{https://chessprogramming.wikispaces.com/Iterative+Deepening} [Online; last accessed 12-Nov-2014]}"
}